@misc{bworld,
 author = {Louis F. DeKoven and Stefan Savage and Geoffrey M. Voelker and Nektarios Leontiadis},
 title = {{Malicious Browser Extensions at Scale}},
 howpublished = "\url{https://cseweb.ucsd.edu/~ldekoven/publications/malicious_browser-extensions_at_scale.pdf/}",
}
@misc{bworld1,
 author = {Arjun Guha and Matthew Fredrikson and Benjamin Livshits and Nikhil Swamy},
 title = {{Verified Security for Browser Extensions}},
 howpublished = "\url{http://www.ieee-security.org/TC/SP2011/PAPERS/2011/paper008.pdf}",
}
@misc{bworld2,
 author = {Mike Ter Louw and Jin Soon Lim and V.N. Venkatakrishnan},
 title = {{Extensible Web Browser Security}},
 howpublished = "\url{http://citeseerx.ist.psu.edu/viewdoc/download?doi=10.1.1.86.8972&rep=rep1&type=pdf}",
}
@misc{bworld3,
 author = {Mohan Dhawan and Vinod Ganapathy},
 title = {{Analyzing Information Flow in JavaScript-based Browser Extensions}},
 howpublished = "\url{https://www.cs.rutgers.edu/~vinodg/papers/acsac2009a/acsac2009a.pdf}",
}
@misc{bworld4,
 author = {Sruthi Bandhakavi and Samuel T. King and P. Madhusudan and Marianne Winslett},
 title = {{VEX: Vetting Browser Extensions For Security Vulnerabilities}},
 howpublished = "\url{https://www.cs.rutgers.edu/~vinodg/papers/acsac2009a/acsac2009a.pdf}",
}